%%%%%%%%%%%%%%%%%%%%%% A %%%%%%%%%%%%%%%%%%%%%%
@article {on-functors-which-are-lax-epimorphisms,
    AUTHOR = {Adámek, Jiří and El Bashir, Robert and Sobral, Manuela and Velebil, Jiří},
     TITLE = {On Functors Which Are Lax Epimorphisms},
   JOURNAL = {Theory Appl. Categ.},
  FJOURNAL = {Theory and Applications of Categories},
    VOLUME = {8},
      YEAR = {2001},
     PAGES = {509--521},
      ISSN = {1201-561X},
   MRCLASS = {18A20},
  MRNUMBER = {1870614},
MRREVIEWER = {Walter\ Tholen},
}
@article {four-notions-of-conjugacy-for-abstract-semigroups,
    AUTHOR = {Araújo, João and Kinyon, Michael and Konieczny, Janusz and Malheiro, António},
     TITLE = {Four Notions of Conjugacy for Abstract Semigroups},
   JOURNAL = {Proc. Roy. Soc. Edinburgh Sect. A},
  FJOURNAL = {Proceedings of the Royal Society of Edinburgh. Section A. Mathematics},
    VOLUME = {147},
      YEAR = {2017},
    NUMBER = {6},
     PAGES = {1169--1214},
      ISSN = {0308-2105,1473-7124},
   MRCLASS = {20M07 (20M15 20M20)},
  MRNUMBER = {3724696},
MRREVIEWER = {P.\ M.\ Higgins},
       DOI = {10.1017/S0308210517000099},
       URL = {https://doi.org/10.1017/S0308210517000099},
}
@MISC {arthan:the-eudoxus-real-numbers,
       TITLE = {The Eudoxus Real Numbers},
      AUTHOR = {Arthan, R.\ D.},
HOWPUBLISHED = {arXiv},
        YEAR = {2004},
         URL = {https://arxiv.org/abs/math/0405454},
}
%%%%%%%%%%%%%%%%%%%%%% B %%%%%%%%%%%%%%%%%%%%%%
@incollection {lectures-on-n-categories-and-cohomology,
    AUTHOR = {Baez, John C. and Shulman, Michael},
     TITLE = {Lectures on {$n$}-Categories and Cohomology},
 BOOKTITLE = {Towards higher categories},
    SERIES = {IMA Vol. Math. Appl.},
    VOLUME = {152},
     PAGES = {1--68},
 PUBLISHER = {Springer, New York},
      YEAR = {2010},
   MRCLASS = {18G50 (18B25 18D05 55S45)},
  MRNUMBER = {2664619},
       DOI = {10.1007/978-1-4419-1524-5_1},
       URL = {https://doi.org/10.1007/978-1-4419-1524-5_1},
}
@article {trace-as-an-alternative-decategorification-functor,
    AUTHOR = {Beliakova, Anna and Guliyev, Zaur and Habiro, Kazuo and Lauda, Aaron D.},
     TITLE = {Trace as an Alternative Decategorification Functor},
   JOURNAL = {Acta Math. Vietnam.},
  FJOURNAL = {Acta Mathematica Vietnamica},
    VOLUME = {39},
      YEAR = {2014},
    NUMBER = {4},
     PAGES = {425--480},
      ISSN = {0251-4184},
   MRCLASS = {17B10 (17B37 18D05)},
  MRNUMBER = {3319701},
MRREVIEWER = {Volodymyr Mazorchuk},
       DOI = {10.1007/s40306-014-0092-x},
       URL = {https://doi.org/10.1007/s40306-014-0092-x},
}
@misc{belotto:notes-about-dedekind-cuts,
      AUTHOR = {Belotto, André},
       TITLE = {Notes About Dedekind Cuts},
         URL = {https://andrebelotto.com/wp-content/uploads/2020/01/notesdedekindcutfrance.pdf},
       MONTH = {January},
        YEAR = {2020}
}
@book {selected-topics-in-infinite-dimensional-topology,
    AUTHOR = {Bessaga, Czes\l aw and Pe\l czy\'nski, Aleksander},
     TITLE = {Selected Topics in Infinite-Dimensional Topology},
    SERIES = {Monografie Matematyczne [Mathematical Monographs]},
    VOLUME = {Tom 58},
 PUBLISHER = {PWN---Polish Scientific Publishers, Warsaw},
      YEAR = {1975},
     PAGES = {353},
   MRCLASS = {57A17 (46A99 46B99 58B05)},
  MRNUMBER = {478168},
MRREVIEWER = {M.\ I.\ Kadets},
}
@book {borceux1994handbook1,
    AUTHOR = {Borceux, Francis},
     TITLE = {Handbook of Categorical Algebra I},
    SERIES = {Encyclopedia of Mathematics and its Applications},
    VOLUME = {50},
      NOTE = {Basic Category Theory},
 PUBLISHER = {Cambridge University Press, Cambridge},
      YEAR = {1994},
     PAGES = {xvi+345},
      ISBN = {0-521-44178-1},
   MRCLASS = {18-02 (18Axx)},
  MRNUMBER = {1291599},
MRREVIEWER = {Martin Hyland},
}
@book {bourbaki-general-topology-1-4,
    AUTHOR = {Bourbaki, Nicolas},
     TITLE = {General Topology. {C}hapters 1--4},
    SERIES = {Elements of Mathematics (Berlin)},
      NOTE = {Translated from the French, Reprint of the 1989 English translation},
 PUBLISHER = {Springer-Verlag, Berlin},
      YEAR = {1998},
     PAGES = {vii+437},
      ISBN = {3-540-64241-2},
   MRCLASS = {54-02 (00A05 54-01)},
  MRNUMBER = {1726779},
}
@article {broughan-adic-topologies-for-the-rational-integers,
    AUTHOR = {Broughan, Kevin A.},
     TITLE = {Adic Topologies for the Rational Integers},
   JOURNAL = {Canad. J. Math.},
  FJOURNAL = {Canadian Journal of Mathematics. Journal Canadien de Math\'ematiques},
    VOLUME = {55},
      YEAR = {2003},
    NUMBER = {4},
     PAGES = {711--723},
      ISSN = {0008-414X,1496-4279},
   MRCLASS = {11B05 (11B25 13J10)},
  MRNUMBER = {1994070},
MRREVIEWER = {Daniel\ Barsky},
       DOI = {10.4153/CJM-2003-030-3},
       URL = {https://doi.org/10.4153/CJM-2003-030-3},
}
%%%%%%%%%%%%%%%%%%%%%% C %%%%%%%%%%%%%%%%%%%%%%
@book {ciesielski1997set,
    AUTHOR = {Ciesielski, Krzysztof},
     TITLE = {Set Theory for the Working Mathematician},
    SERIES = {London Mathematical Society Student Texts},
    VOLUME = {39},
 PUBLISHER = {Cambridge University Press, Cambridge},
      YEAR = {1997},
     PAGES = {xii+236},
      ISBN = {0-521-59441-3; 0-521-59465-0},
   MRCLASS = {04-02 (03Exx)},
  MRNUMBER = {1475462},
MRREVIEWER = {Perry Smith},
       DOI = {10.1017/CBO9781139173131},
       URL = {https://doi.org/10.1017/CBO9781139173131},
}
%%%%%%%%%%%%%%%%%%%%%% D %%%%%%%%%%%%%%%%%%%%%%
@article {idempotent-triples-and-completion,
    AUTHOR = {Deleanu, Aristide and Frei, Armin and Hilton, Peter},
     TITLE = {Idempotent Triples and Completion},
   JOURNAL = {Math. Z.},
  FJOURNAL = {Mathematische Zeitschrift},
    VOLUME = {143},
      YEAR = {1975},
     PAGES = {91--104},
      ISSN = {0025-5874,1432-1823},
   MRCLASS = {18C15},
  MRNUMBER = {376810},
MRREVIEWER = {C.\ W.\ Patty},
       DOI = {10.1007/BF01173053},
       URL = {https://doi.org/10.1007/BF01173053},
}
%%%%%%%%%%%%%%%%%%%%%% F %%%%%%%%%%%%%%%%%%%%%%
@misc{favier:postcompose-not-full,
      AUTHOR = {Favier, Naïm Camille},
       TITLE = {PostcomposeNotFull},
HOWPUBLISHED = {\url{https://agda.monade.li/PostcomposeNotFull.html}},
         URL = {https://agda.monade.li/PostcomposeNotFull.html},
       MONTH = {July},
        YEAR = {2024}
}
@misc{frey:on-the-2-categorical-duals-of-full-and-faithful-functors,
      AUTHOR = {Jonas Frey},
       TITLE = {On the 2-Categorical Duals of (Full and) Faithful Functors},
HOWPUBLISHED = {\url{https://citeseerx.ist.psu.edu/document?repid=rep1\&type=pdf\&doi=4c289321d622f8fcf947e7a7cfd1bdf75c95ca33}},
         URL = {https://citeseerx.ist.psu.edu/document?repid=rep1\&type=pdf\&doi=4c289321d622f8fcf947e7a7cfd1bdf75c95ca33},
        NOTE = {Archived at \url{https://web.archive.org/web/20240331195546/https://citeseerx.ist.psu.edu/document?repid=rep1\&type=pdf\&doi=4c289321d622f8fcf947e7a7cfd1bdf75c95ca33}},
       MONTH = {July},
        YEAR = {2009}
}
%%%%%%%%%%%%%%%%%%%%%% G %%%%%%%%%%%%%%%%%%%%%%
@article {universality-of-multiplicative-infinite-loop-space-machines,
    AUTHOR = {Gepner, David and Groth, Moritz and Nikolaus, Thomas},
     TITLE = {Universality of Multiplicative Infinite Loop Space Machines},
   JOURNAL = {Algebr. Geom. Topol.},
  FJOURNAL = {Algebraic \& Geometric Topology},
    VOLUME = {15},
      YEAR = {2015},
    NUMBER = {6},
     PAGES = {3107--3153},
      ISSN = {1472-2747},
   MRCLASS = {55P48 (19D23 55P43)},
  MRNUMBER = {3450758},
MRREVIEWER = {John A. Lind},
       DOI = {10.2140/agt.2015.15.3107},
       URL = {https://doi.org/10.2140/agt.2015.15.3107},
}
%%%%%%%%%%%%%%%%%%%%%% H %%%%%%%%%%%%%%%%%%%%%%
@MISC {the-homogeneous-property-of-the-hilbert-cube,
       TITLE = {The Homogeneous Property of the Hilbert Cube},
      AUTHOR = {Halverson, M.\ Denise and Wright, David G.},
HOWPUBLISHED = {arXiv},
        YEAR = {2012},
         URL = {https://arxiv.org/abs/1211.1363},
}
%%%%%%%%%%%%%%%%%%%%%% K %%%%%%%%%%%%%%%%%%%%%%
@book {theory-of-correspondences,
    AUTHOR = {Klein, Erwin and Thompson, Anthony C.},
     TITLE = {Theory of Correspondences},
    SERIES = {Canadian Mathematical Society Series of Monographs and Advanced Texts},
      NOTE = {Including applications to mathematical economics, A Wiley-Interscience Publication},
 PUBLISHER = {John Wiley \& Sons, Inc., New York},
      YEAR = {1984},
     PAGES = {xi+256},
      ISBN = {0-471-88016-7},
   MRCLASS = {90A14 (28B20 46N05 47H99 49A50 54H25)},
  MRNUMBER = {752692},
MRREVIEWER = {Thomas\ E.\ Armstrong},
}
%%%%%%%%%%%%%%%%%%%%%% J %%%%%%%%%%%%%%%%%%%%%%
@book {2-categories-book,
    AUTHOR = {Johnson, Niles and Yau, Donald},
     TITLE = {2-Dimensional Categories},
 PUBLISHER = {Oxford University Press, Oxford},
      YEAR = {2021},
     PAGES = {xix+615},
      ISBN = {978-0-19-887138-5; 978-0-19-887137-8},
   MRCLASS = {18-02 (18N10 18N15 18N20)},
  MRNUMBER = {4261588},
MRREVIEWER = {Robert\ Laugwitz},
       DOI = {10.1093/oso/9780198871378.001.0001},
       URL = {https://doi.org/10.1093/oso/9780198871378.001.0001},
}
@article {oplax-natural-transformations-twisted-quantum-field-theories-and-even-higher-morita-categories,
    AUTHOR = {Johnson-Freyd, Theo and Scheimbauer, Claudia},
     TITLE = {({O}p)lax Natural Transformations, Twisted Quantum Field Theories, and ``Even Higher'' {M}orita Categories},
   JOURNAL = {Adv. Math.},
  FJOURNAL = {Advances in Mathematics},
    VOLUME = {307},
      YEAR = {2017},
     PAGES = {147--223},
      ISSN = {0001-8708,1090-2082},
   MRCLASS = {18D10 (81R10)},
  MRNUMBER = {3590516},
MRREVIEWER = {Josep\ Elgueta},
       DOI = {10.1016/j.aim.2016.11.014},
       URL = {https://doi.org/10.1016/j.aim.2016.11.014},
}
%%%%%%%%%%%%%%%%%%%%%% I %%%%%%%%%%%%%%%%%%%%%%
@article {epimorphisms-and-dominions-3,
    AUTHOR = {Isbell, John R.},
     TITLE = {Epimorphisms and Dominions. {III}},
   JOURNAL = {Amer. J. Math.},
  FJOURNAL = {American Journal of Mathematics},
    VOLUME = {90},
      YEAR = {1968},
     PAGES = {1025--1030},
      ISSN = {0002-9327,1080-6377},
   MRCLASS = {18.10 (20.00)},
  MRNUMBER = {237596},
MRREVIEWER = {P.-A.\ Grillet},
       DOI = {10.2307/2373286},
       URL = {https://doi.org/10.2307/2373286},
}
%%%%%%%%%%%%%%%%%%%%%% K %%%%%%%%%%%%%%%%%%%%%%
@misc{kemp:cauchy-s-construction-of-r,
      AUTHOR = {Kemp, Todd},
       TITLE = {Cauchy's Construction of $\mathbb{R}$},
         URL = {https://mathweb.ucsd.edu/~bseward/140a_fall22/Cauchy_construction_of_R.pdf},
        YEAR = {2022}
}
%%%%%%%%%%%%%%%%%%%%%% L %%%%%%%%%%%%%%%%%%%%%%
@misc{notes-on-homotopical-algebra,
      AUTHOR = {Zhen Lin Low},
       TITLE = {Notes on Homotopical Algebra},
         URL = {https://zll22.user.srcf.net/writing/homotopical-algebra/2015-11-10-Main.pdf},
       MONTH = {November},
        YEAR = {2015}
}
@book {coend-calculus,
    AUTHOR = {Loregian, Fosco},
     TITLE = {({C}o)end Calculus},
    SERIES = {London Mathematical Society Lecture Note Series},
    VOLUME = {468},
 PUBLISHER = {Cambridge University Press, Cambridge},
      YEAR = {2021},
     PAGES = {xxi+308},
      ISBN = {978-1-108-74612-0},
   MRCLASS = {18-02 (18A40 18D60 18D70 18M60)},
  MRNUMBER = {4274071},
MRREVIEWER = {Nicola\ Gambino},
       DOI = {10.1017/9781108778657},
       URL = {https://doi.org/10.1017/9781108778657},
}
%%%%%%%%%%%%%%%%%%%%%% M %%%%%%%%%%%%%%%%%%%%%%
@article {martins-ferreira-sobral:schreier-split-extensions-of-preordered-monoids,
    AUTHOR = {Martins-Ferreira, Nelson and Sobral, Manuela},
     TITLE = {Schreier Split Extensions of Preordered Monoids},
   JOURNAL = {J. Log. Algebr. Methods Program.},
  FJOURNAL = {Journal of Logical and Algebraic Methods in Programming},
    VOLUME = {120},
      YEAR = {2021},
     PAGES = {Paper No. 100643, 14},
      ISSN = {2352-2208,2352-2216},
   MRCLASS = {20M50 (06F05 18B40)},
  MRNUMBER = {4211037},
MRREVIEWER = {Ahmet\ A.\ Husainov},
       DOI = {10.1016/j.jlamp.2021.100643},
       URL = {https://doi.org/10.1016/j.jlamp.2021.100643},
}
@MISC {MO441087,
       TITLE = {Existence of a *really* nice topology on the powerset of a topological space},
      AUTHOR = {Emily},
HOWPUBLISHED = {MathOverflow},
         URL = {https://mathoverflow.net/q/441087},
   SHORTHAND = {\texttt{MO 441087}},
}
@MISC {MO302680,
       TITLE = {Functors in Isbell duality exchange $f^{*}a$ and $f_{*}a$},
      AUTHOR = {Noam Zeilberger},
HOWPUBLISHED = {MathOverflow},
         URL = {https://mathoverflow.net/q/302680},
   SHORTHAND = {\texttt{MO 302680}},
}
@MISC {MO468334,
       TITLE = {Is a pseudomonic and pseudoepic functor necessarily an equivalence of categories?},
      AUTHOR = {Emily de Oliveira Santos},
HOWPUBLISHED = {MathOverflow},
         URL = {https://mathoverflow.net/q/468334},
   SHORTHAND = {\texttt{MO 468334}},
}
@MISC {MO321971,
       TITLE = {Characterization of pseudo monomorphisms and pseudo epimorphisms in Cat},
      AUTHOR = {Ivan Di Liberti},
HOWPUBLISHED = {MathOverflow},
         URL = {https://mathoverflow.net/q/321971},
   SHORTHAND = {\texttt{MO 321971}},
}
@MISC {MO468125,
       TITLE = {Characterisations of functors $F$ such that $F^*$ or $F_*$ is [property], e.g. faithful, conservative, etc},
      AUTHOR = {Emily de Oliveira Santos},
HOWPUBLISHED = {MathOverflow},
         URL = {https://mathoverflow.net/q/468125},
   SHORTHAND = {\texttt{MO 468121}},
}
@MISC {MO468121,
           TITLE = {Looking for a nice characterisation of functors $F$ whose precomposition functor $F^*$ is full},
          AUTHOR = {Emily de Oliveira Santos},
    HOWPUBLISHED = {MathOverflow},
             URL = {https://mathoverflow.net/q/468121},
       SHORTHAND = {\texttt{MO 468121}},
}
@MISC {MO461592,
           TITLE = {Existence and characterisations of left Kan extensions and liftings in the bicategory of relations II},
          AUTHOR = {Emily de Oliveira Santos},
    HOWPUBLISHED = {MathOverflow},
             URL = {https://mathoverflow.net/q/461592},
       SHORTHAND = {\texttt{MO 461592}},
}
@MISC {MO460656,
           TITLE = {Existence and characterisations of left Kan extensions and liftings in the bicategory of relations I},
          AUTHOR = {Emily de Oliveira Santos},
    HOWPUBLISHED = {MathOverflow},
             URL = {https://mathoverflow.net/q/460656},
       SHORTHAND = {\texttt{MO 460656}},
}
@MISC {MO467527,
           TITLE = {What are the 2-categorical mono/epimorphisms in the 2-category of relations?},
          AUTHOR = {Emily de Oliveira Santos},
    HOWPUBLISHED = {MathOverflow},
             URL = {https://mathoverflow.net/q/467527},
       SHORTHAND = {\texttt{MO 467527}},
}
@MISC {MO382264,
           TITLE = {Proof that a cartesian category is monoidal},
          AUTHOR = {Neil Strickland},
    HOWPUBLISHED = {MathOverflow},
             URL = {https://mathoverflow.net/q/382264},
       SHORTHAND = {\texttt{MO 382264}},
}
@MISC {MO64365,
           TITLE = {Natural transformations as categorical homotopies},
          AUTHOR = {Giorgio Mossa},
    HOWPUBLISHED = {MathOverflow},
             URL = {https://mathoverflow.net/q/64365},
       SHORTHAND = {\texttt{MO 64365}},
}
@MISC {MO119454,
           TITLE = {Category and the axiom of choice},
          AUTHOR = {user30818},
    HOWPUBLISHED = {MathOverflow},
             URL = {https://mathoverflow.net/q/119454},
       SHORTHAND = {\texttt{MO 119454}},
}
@MISC {MO455260,
       TITLE = {Epimorphisms of relations},
      AUTHOR = {Peter LeFanu Lumsdaine},
HOWPUBLISHED = {MathOverflow},
         URL = {https://mathoverflow.net/q/455260},
   SHORTHAND = {\texttt{MO 350788}},
}
@MISC {MSE4611813,
    TITLE = {Prove if two relations are antisymmetric then their composition is also antisymmetric},
    AUTHOR = {JMoravitz},
    HOWPUBLISHED = {Mathematics Stack Exchange},
    EPRINT = {https://math.stackexchange.com/q/4611813},
    URL = {https://math.stackexchange.com/q/4611813},
    SHORTHAND = {\texttt{MSE 4611813}},
}
@MISC {MSE102751,
    TITLE = {Finite Product of Closed Maps Need Not Be Closed},
    AUTHOR = {Brian M. Scott},
    HOWPUBLISHED = {Mathematics Stack Exchange},
    EPRINT = {https://math.stackexchange.com/q/102751},
    URL = {https://math.stackexchange.com/q/102751},
    SHORTHAND = {\texttt{MSE 102751}},
}
@MISC {MSE1299052,
    TITLE = {Product (arbitrary) of open functions is open.},
    AUTHOR = {Alex Ravsky},
    HOWPUBLISHED = {Mathematics Stack Exchange},
    EPRINT = {https://math.stackexchange.com/q/1299052},
    URL = {https://math.stackexchange.com/q/1299052},
    SHORTHAND = {\texttt{MSE 1299052}},
}
@MISC {MSE2719059,
    TITLE = {$P(X)$ with symmetric difference as addition as a vector space over $\mathbb{Z}_2$},
    AUTHOR = {Vinny Chase},
    HOWPUBLISHED = {Mathematics Stack Exchange},
    EPRINT = {https://math.stackexchange.com/q/2719059},
    URL = {https://math.stackexchange.com/q/2719059},
    SHORTHAND = {\texttt{MSE 2719059}},
}
@MISC {MSE89736,
    TITLE = {Are all connected manifolds homogeneous?},
    AUTHOR = {Georges Elencwajg},
    HOWPUBLISHED = {Mathematics Stack Exchange},
    EPRINT = {https://math.stackexchange.com/q/89736},
    URL = {https://math.stackexchange.com/q/89736},
    SHORTHAND = {\texttt{MSE 89736}},
}
@MISC {MSE1483996,
    TITLE = {The Hilbert Cube in the Product Topology and Box Topology},
    AUTHOR = {AlmostTrivial},
    HOWPUBLISHED = {Mathematics Stack Exchange},
    EPRINT = {https://math.stackexchange.com/q/1483996},
    URL = {https://math.stackexchange.com/q/1483996},
    SHORTHAND = {\texttt{MSE 1483996}},
}
}
@MISC {MSE2194,
    TITLE = {Why is the Hilbert Cube homogeneous?},
    AUTHOR = {Jason DeVito},
    HOWPUBLISHED = {Mathematics Stack Exchange},
    URL = {https://math.stackexchange.com/q/2194},
    SHORTHAND = {\texttt{MSE 2194}},
}
@MISC {MSE940849,
    TITLE = {Proving the derived set $E'$ is closed.},
    AUTHOR = {Daniel Fischer},
    HOWPUBLISHED = {Mathematics Stack Exchange},
    URL = {https://math.stackexchange.com/q/940849},
    SHORTHAND = {\texttt{MSE 940849}},
}
@MISC {MSE4565435,
    TITLE = {Characterizing continuous, open and closed maps via interior and closure operators},
    AUTHOR = {Paul Frost},
    HOWPUBLISHED = {Mathematics Stack Exchange},
    URL = {https://math.stackexchange.com/q/4565435},
    SHORTHAND = {\texttt{MSE 4565435}},
}
@MISC {MSE1465107,
       TITLE = {Equivalence of categories and axiom of choice},
      AUTHOR = {kilian},
HOWPUBLISHED = {Mathematics Stack Exchange},
         URL = {https://math.stackexchange.com/q/1465107},
   SHORTHAND = {\texttt{MSE 1465107}},
}
@MISC {MSE2096272,
       TITLE = {Is composition of two transitive relations transitive? If not, can you give me a counterexample?},
      AUTHOR = {Akiva Weinberger},
HOWPUBLISHED = {Mathematics Stack Exchange},
         URL = {https://math.stackexchange.com/q/2096272},
   SHORTHAND = {\texttt{MSE 2096272}},
}
@MISC {MSE749304,
       TITLE = {If the functor on presheaf categories given by precomposition by F is ff, is F full? faithful?},
      AUTHOR = {Zhen Lin},
HOWPUBLISHED = {Mathematics Stack Exchange},
         URL = {https://math.stackexchange.com/q/749304},
   SHORTHAND = {\texttt{MSE 749304}},
}
@MISC {MSE733161,
       TITLE = {Precomposition with a faithful functor},
      AUTHOR = {Stefan Hamcke},
HOWPUBLISHED = {Mathematics Stack Exchange},
         URL = {https://math.stackexchange.com/q/733161},
   SHORTHAND = {\texttt{MSE 733161}},
}
@MISC {MSE733163,
       TITLE = {Precomposition with a faithful functor},
      AUTHOR = {Zhen Lin},
HOWPUBLISHED = {Mathematics Stack Exchange},
         URL = {https://math.stackexchange.com/q/733163},
   SHORTHAND = {\texttt{MSE 733163}},
}
@MISC {MSE884460,
       TITLE = {Why are the category of pointed sets and the category of sets and partial functions ``essentially the same''?},
      AUTHOR = {Martin Brandenburg},
HOWPUBLISHED = {Mathematics Stack Exchange},
         URL = {https://math.stackexchange.com/q/884460},
   SHORTHAND = {\texttt{MSE 884460}},
}
@MISC {MSE2855868,
       TITLE = {Is the category of pointed sets Cartesian closed?},
      AUTHOR = {Qiaochu Yuan},
HOWPUBLISHED = {Mathematics Stack Exchange},
         URL = {https://math.stackexchange.com/q/2855868},
   SHORTHAND = {\texttt{MSE 2855868}},
}
@MISC {MSE3774686,
       TITLE = {Pushout in the category of sets: proof},
      AUTHOR = {Victor},
HOWPUBLISHED = {Mathematics Stack Exchange},
         URL = {https://math.stackexchange.com/q/3774686},
   SHORTHAND = {\texttt{MSE 3774686}},
}
@MISC {MSE350788,
       TITLE = {Mono's and epi's in the category Rel?},
      AUTHOR = {Qiaochu Yuan},
HOWPUBLISHED = {Mathematics Stack Exchange},
         URL = {https://math.stackexchange.com/q/350788},
   SHORTHAND = {\texttt{MSE 350788}},
}
@MISC {MSE267365,
       TITLE = {Show that the powerset partial order is a cartesian closed category.},
      AUTHOR = {J. B.},
HOWPUBLISHED = {Mathematics Stack Exchange},
         URL = {https://math.stackexchange.com/q/267365},
   SHORTHAND = {\texttt{MSE 267469}},
}
@MISC {MSE267469,
       TITLE = {Show that the powerset partial order is a cartesian closed category.},
      AUTHOR = {Zhen Lin},
HOWPUBLISHED = {Mathematics Stack Exchange},
         URL = {https://math.stackexchange.com/q/267469},
   SHORTHAND = {\texttt{MSE 267469}},
}
@article {coalgebras-in-symmetric-monoidal-categories-of-spectra,
    AUTHOR = {Péroux, Maximilien and Shipley, Brooke},
     TITLE = {Coalgebras in Symmetric Monoidal Categories of Spectra},
   JOURNAL = {Homology Homotopy Appl.},
  FJOURNAL = {Homology, Homotopy and Applications},
    VOLUME = {21},
      YEAR = {2019},
    NUMBER = {1},
     PAGES = {1--18},
      ISSN = {1532-0073},
   MRCLASS = {55P43 (16T15 18D10 55P42)},
  MRNUMBER = {3852287},
MRREVIEWER = {Birgit Richter},
       DOI = {10.4310/HHA.2019.v21.n1.a1},
       URL = {https://doi.org/10.4310/HHA.2019.v21.n1.a1},
}
@book {megginson-an-introduction-to-banach-space-theory,
    AUTHOR = {Megginson, Robert E.},
     TITLE = {An Introduction to {B}anach Space Theory},
    SERIES = {Graduate Texts in Mathematics},
    VOLUME = {183},
 PUBLISHER = {Springer-Verlag, New York},
      YEAR = {1998},
     PAGES = {xx+596},
      ISBN = {0-387-98431-3},
   MRCLASS = {46-01 (46Bxx 47-01)},
  MRNUMBER = {1650235},
MRREVIEWER = {Ehrhard Behrends},
       DOI = {10.1007/978-1-4612-0603-3},
       URL = {https://doi.org/10.1007/978-1-4612-0603-3},
}
@book {munkres-topology,
    AUTHOR = {Munkres, James R.},
     TITLE = {Topology},
      NOTE = {Second edition of [ MR0464128]},
 PUBLISHER = {Prentice Hall, Inc., Upper Saddle River, NJ},
      YEAR = {2000},
     PAGES = {xvi+537},
      ISBN = {0-13-181629-2},
   MRCLASS = {54-01},
  MRNUMBER = {3728284},
}
%%%%%%%%%%%%%%%%%%%%%% N %%%%%%%%%%%%%%%%%%%%%%
@article {niefield:change-of-base-for-relational-variable-sets,
    AUTHOR = {Niefield, Susan},
     TITLE = {Change of Base for Relational Variable Sets},
   JOURNAL = {Theory Appl. Categ.},
  FJOURNAL = {Theory and Applications of Categories},
    VOLUME = {12},
      YEAR = {2004},
     PAGES = {No. 7, 248--261},
      ISSN = {1201-561X},
   MRCLASS = {18A40 (18F20)},
  MRNUMBER = {2056098},
MRREVIEWER = {Carsten\ Butz},
}
@misc{nLab:bump-function,
        AUTHOR = {{nLab Authors}},
         TITLE = {Bump Function},
          YEAR = {2024},
           URL = {https://ncatlab.org/nlab/show/bump-function},
     SHORTHAND = {nLab24},
}
@misc{nLab:boundary,
        AUTHOR = {{nLab Authors}},
         TITLE = {Boundary},
          YEAR = {2024},
           URL = {https://ncatlab.org/nlab/show/boundary},
     SHORTHAND = {nLab24},
}
@misc{nlab:groupoid,
  author = {{nLab Authors}},
  title = {Groupoid},
  howpublished = {\url{https://ncatlab.org/nlab/show/groupoid}},
  month = {October},
  year = {2024}
}
@misc{nlab:displayed-category,
  author = {{nLab Authors}},
  title = {Displayed Category},
  howpublished = {\url{https://ncatlab.org/nlab/show/displayed+category}},
  month = {October},
  year = {2024}
}
@misc{nlab:skeleton,
        AUTHOR = {{nLab Authors}},
         TITLE = {Skeleton},
          YEAR = {2024},
           URL = {https://ncatlab.org/nlab/show/skeleton},
     SHORTHAND = {nLab23},
}
%%%%%%%%%%%%%%%%%%%%%% P %%%%%%%%%%%%%%%%%%%%%%
@misc{proof-wiki:complement-of-preimage-equals-preimage-of-complement,
        AUTHOR = {{Proof Wiki Contributors}},
         TITLE = {Complement of Preimage Equals Preimage of Complement --- {Proof Wiki}},
          YEAR = {2024},
           URL = {https://proofwiki.org/wiki/Complement_of_Preimage_equals_Preimage_of_Complement},
}
@misc{proof-wiki:preimage-of-set-difference-under-mapping,
        AUTHOR = {{Proof Wiki Contributors}},
         TITLE = {Preimage of Set Difference Under Mapping --- {Proof Wiki}},
          YEAR = {2024},
           URL = {https://proofwiki.org/wiki/Preimage_of_Set_Difference_under_Mapping},
}
@misc{proof-wiki:image-of-set-difference-under-mapping,
        AUTHOR = {{Proof Wiki Contributors}},
         TITLE = {Image of Set Difference Under Mapping --- {Proof Wiki}},
          YEAR = {2024},
           URL = {https://proofwiki.org/wiki/Image_of_Set_Difference_under_Mapping},
}
@misc{proof-wiki:homeomorphism-iff-image-of-closure-equals-closure-of-image,
        AUTHOR = {{Proof Wiki Contributors}},
         TITLE = {Homeomorphism Iff Image of Closure Equals Closure of Image --- {Proof Wiki}},
          YEAR = {2024},
           URL = {https://proofwiki.org/wiki/Homeomorphism_iff_Image_of_Closure_equals_Closure_of_Image},
}
@misc{proof-wiki:preimage-of-intersection-under-mapping,
        AUTHOR = {{Proof Wiki Contributors}},
         TITLE = {Preimage of Intersection Under Mapping --- {Proof Wiki}},
          YEAR = {2024},
           URL = {https://proofwiki.org/wiki/Preimage_of_Intersection_under_Mapping},
}
@misc{proof-wiki:preimage-of-union-under-mapping,
        AUTHOR = {{Proof Wiki Contributors}},
         TITLE = {Preimage of Union Under Mapping --- {Proof Wiki}},
          YEAR = {2024},
           URL = {https://proofwiki.org/wiki/Preimage_of_Union_under_Mapping},
}
@misc{proof-wiki:image-of-intersection-under-mapping,
        AUTHOR = {{Proof Wiki Contributors}},
         TITLE = {Image of Intersection Under Mapping --- {Proof Wiki}},
          YEAR = {2024},
           URL = {https://proofwiki.org/wiki/Image_of_Intersection_under_Mapping},
}
@misc{proof-wiki:image-of-union-under-mapping,
        AUTHOR = {{Proof Wiki Contributors}},
         TITLE = {Image of Union Under Mapping --- {Proof Wiki}},
          YEAR = {2024},
           URL = {https://proofwiki.org/wiki/Image_of_Union_under_Mapping},
}
@misc{proof-wiki:characteristic-function-of-union,
        AUTHOR = {{Proof Wiki Contributors}},
         TITLE = {Characteristic Function of Union --- {Proof Wiki}},
          YEAR = {2024},
           URL = {https://proofwiki.org/wiki/Characteristic_Function_of_Union},
}
@misc{proof-wiki:characteristic-function-of-intersection,
        AUTHOR = {{Proof Wiki Contributors}},
         TITLE = {Characteristic Function of Intersection --- {Proof Wiki}},
          YEAR = {2024},
           URL = {https://proofwiki.org/wiki/Characteristic_Function_of_Intersection},
}
@misc{proof-wiki:characteristic-function-of-set-difference,
        AUTHOR = {{Proof Wiki Contributors}},
         TITLE = {Characteristic Function of Set Difference --- {Proof Wiki}},
          YEAR = {2024},
           URL = {https://proofwiki.org/wiki/Characteristic_Function_of_Set_Difference},
}
@misc{proof-wiki:union-of-symmetric-differences,
        AUTHOR = {{Proof Wiki Contributors}},
         TITLE = {Union of Symmetric Differences --- {Proof Wiki}},
          YEAR = {2024},
           URL = {https://proofwiki.org/wiki/Union_of_Symmetric_Differences},
}
@misc{proof-wiki:symmetric-difference-on-power-set-forms-abelian-group,
        AUTHOR = {{Proof Wiki Contributors}},
         TITLE = {Symmetric Difference on Power Set Forms Abelian Group --- {Proof Wiki}},
          YEAR = {2024},
           URL = {https://proofwiki.org/wiki/Symmetric_Difference_on_Power_Set_forms_Abelian_Group},
}
@misc{proof-wiki:characteristic-function-of-symmetric-difference,
        AUTHOR = {{Proof Wiki Contributors}},
         TITLE = {Characteristic Function of Symmetric Difference --- {Proof Wiki}},
          YEAR = {2024},
           URL = {https://proofwiki.org/wiki/Characteristic_Function_of_Symmetric_Difference},
}
@misc{proof-wiki:symmetric-difference-of-complements,
        AUTHOR = {{Proof Wiki Contributors}},
         TITLE = {Symmetric Difference of Complements --- {Proof Wiki}},
          YEAR = {2024},
           URL = {https://proofwiki.org/wiki/Symmetric_Difference_of_Complements},
}
@misc{proof-wiki:intersection-distributes-over-symmetric-difference,
        AUTHOR = {{Proof Wiki Contributors}},
         TITLE = {Intersection Distributes Over Symmetric Difference --- {Proof Wiki}},
          YEAR = {2024},
           URL = {https://proofwiki.org/wiki/Intersection_Distributes_over_Symmetric_Difference},
}
@misc{proof-wiki:symmetric-difference-with-universe,
        AUTHOR = {{Proof Wiki Contributors}},
         TITLE = {Symmetric Difference With Universe --- {Proof Wiki}},
          YEAR = {2024},
           URL = {https://proofwiki.org/wiki/Symmetric_Difference_with_Universe},
}
@misc{proof-wiki:symmetric-difference-with-complement,
        AUTHOR = {{Proof Wiki Contributors}},
         TITLE = {Symmetric Difference With Complement --- {Proof Wiki}},
          YEAR = {2024},
           URL = {https://proofwiki.org/wiki/Symmetric_Difference_with_Complement},
}
@misc{proof-wiki:symmetric-difference-with-self-is-empty-set,
        AUTHOR = {{Proof Wiki Contributors}},
         TITLE = {Symmetric Difference With Self Is Empty Set --- {Proof Wiki}},
          YEAR = {2024},
           URL = {https://proofwiki.org/wiki/Symmetric_Difference_with_Self_is_Empty_Set},
}
@misc{proof-wiki:symmetric-difference-with-empty-set,
        AUTHOR = {{Proof Wiki Contributors}},
         TITLE = {Symmetric Difference With Empty Set --- {Proof Wiki}},
          YEAR = {2024},
           URL = {https://proofwiki.org/wiki/Symmetric_Difference_with_Empty_Set},
}
@misc{proof-wiki:symmetric-difference-is-commutative,
        AUTHOR = {{Proof Wiki Contributors}},
         TITLE = {Symmetric Difference Is Commutative --- {Proof Wiki}},
          YEAR = {2024},
           URL = {https://proofwiki.org/wiki/Symmetric_Difference_is_Commutative},
}
@misc{proof-wiki:symmetric-difference-is-associative,
        AUTHOR = {{Proof Wiki Contributors}},
         TITLE = {Symmetric Difference Is Associative --- {Proof Wiki}},
          YEAR = {2024},
           URL = {https://proofwiki.org/wiki/Symmetric_Difference_is_Associative},
}
@misc{proof-wiki:equivalence-of-definitions-of-symmetric-difference,
        AUTHOR = {{Proof Wiki Contributors}},
         TITLE = {Equivalence of Definitions of Symmetric Difference --- {Proof Wiki}},
          YEAR = {2024},
           URL = {https://proofwiki.org/wiki/Equivalence_of_Definitions_of_Symmetric_Difference},
}
@misc{proof-wiki:set-difference-with-empty-set-is-self,
        AUTHOR = {{Proof Wiki Contributors}},
         TITLE = {Set Difference With Empty Set Is Self --- {Proof Wiki}},
          YEAR = {2024},
           URL = {https://proofwiki.org/wiki/Set_Difference_with_Empty_Set_is_Self},
}
@misc{proof-wiki:set-difference-with-self-is-empty-set,
        AUTHOR = {{Proof Wiki Contributors}},
         TITLE = {Set Difference With Self Is Empty Set --- {Proof Wiki}},
          YEAR = {2024},
           URL = {https://proofwiki.org/wiki/Set_Difference_with_Self_is_Empty_Set},
}
@misc{proof-wiki:set-difference-as-symmetric-difference-with-intersection,
        AUTHOR = {{Proof Wiki Contributors}},
         TITLE = {Set Difference as Symmetric Difference With Intersection --- {Proof Wiki}},
          YEAR = {2024},
           URL = {https://proofwiki.org/wiki/Set_Difference_as_Symmetric_Difference_with_Intersection},
}
@misc{proof-wiki:set-difference-with-subset-is-superset-of-set-difference,
        AUTHOR = {{Proof Wiki Contributors}},
         TITLE = {Set Difference With Subset Is Superset of Set Difference --- {Proof Wiki}},
          YEAR = {2024},
           URL = {https://proofwiki.org/wiki/Set_Difference_with_Subset_is_Superset_of_Set_Difference},
}
@misc{proof-wiki:intersection-with-set-difference-is-set-difference-with-intersection,
        AUTHOR = {{Proof Wiki Contributors}},
         TITLE = {Intersection With Set Difference Is Set Difference With Intersection --- {Proof Wiki}},
          YEAR = {2024},
           URL = {https://proofwiki.org/wiki/Intersection_with_Set_Difference_is_Set_Difference_with_Intersection},
}
@misc{proof-wiki:set-difference-with-set-difference-is-union-of-set-difference-with-intersection,
        AUTHOR = {{Proof Wiki Contributors}},
         TITLE = {Set Difference With Set Difference Is Union of Set Difference With Intersection --- {Proof Wiki}},
          YEAR = {2024},
           URL = {https://proofwiki.org/wiki/Set_Difference_with_Set_Difference_is_Union_of_Set_Difference_with_Intersection},
}
@misc{proof-wiki:set-difference-as-intersection-with-complement,
        AUTHOR = {{Proof Wiki Contributors}},
         TITLE = {Set Difference as Intersection With Complement --- {Proof Wiki}},
          YEAR = {2024},
           URL = {https://proofwiki.org/wiki/Set_Difference_as_Intersection_with_Complement},
}
@misc{proof-wiki:cartesian-product-is-empty-iff-factor-is-empty,
        AUTHOR = {{Proof Wiki Contributors}},
         TITLE = {Cartesian Product Is Empty Iff Factor Is Empty --- {Proof Wiki}},
          YEAR = {2024},
           URL = {https://proofwiki.org/wiki/Cartesian_Product_is_Empty_iff_Factor_is_Empty},
}
@misc{proof-wiki:cartesian-product-is-weakly-commutative,
        AUTHOR = {{Proof Wiki Contributors}},
         TITLE = {Bijection Between $S\times T$ and $T\times S$ --- {Proof Wiki}},
          YEAR = {2024},
           URL = {https://proofwiki.org/wiki/Bijection_between_S_x_T_and_T_x_S},
}
@misc{proof-wiki:cartesian-product-is-weakly-associative,
        AUTHOR = {{Proof Wiki Contributors}},
         TITLE = {Bijection Between $R\times(S\times T)$ and $(R\times S)\times T$ --- {Proof Wiki}},
          YEAR = {2024},
           URL = {https://proofwiki.org/wiki/Bijection_between_R_x_(S_x_T)_and_(R_x_S)_x_T},
}
@misc{proof-wiki:complement-of-complement,
        AUTHOR = {{Proof Wiki Contributors}},
         TITLE = {Complement of Complement --- {Proof Wiki}},
          YEAR = {2024},
           URL = {https://proofwiki.org/wiki/Complement_of_Complement},
}
@misc{proof-wiki:set-difference-with-union,
        AUTHOR = {{Proof Wiki Contributors}},
         TITLE = {Set Difference With Union --- {Proof Wiki}},
          YEAR = {2024},
           URL = {https://proofwiki.org/wiki/Set_Difference_with_Union},
}
@misc{proof-wiki:set-difference-is-right-distributive-over-union,
        AUTHOR = {{Proof Wiki Contributors}},
         TITLE = {Set Difference Is Right Distributive Over Union --- {Proof Wiki}},
          YEAR = {2024},
           URL = {https://proofwiki.org/wiki/Set_Difference_is_Right_Distributive_over_Union},
}
@misc{proof-wiki:de-morgan-s-laws-set-theory-set-difference-difference-with-union,
        AUTHOR = {{Proof Wiki Contributors}},
         TITLE = {De Morgan's Laws (Set Theory)/Set Difference/Difference with Union --- {Proof Wiki}},
          YEAR = {2024},
           URL = {https://proofwiki.org/wiki/De_Morgan\%27s_Laws_(Set_Theory)/Set_Difference/Difference_with_Union},
}
@misc{proof-wiki:de-morgan-s-laws-set-theory,
        AUTHOR = {{Proof Wiki Contributors}},
         TITLE = {De Morgan's Laws (Set Theory) --- {Proof Wiki}},
          YEAR = {2024},
           URL = {https://proofwiki.org/wiki/De_Morgan\%27s_Laws_(Set_Theory)},
}
@misc{proof-wiki:set-difference-over-subset,
        AUTHOR = {{Proof Wiki Contributors}},
         TITLE = {Set Difference Over Subset --- {Proof Wiki}},
          YEAR = {2024},
           URL = {https://proofwiki.org/wiki/Set_Difference_over_Subset},
}
@misc{proof-wiki:intersection-with-subset-is-subset,
        AUTHOR = {{Proof Wiki Contributors}},
         TITLE = {Intersection With Subset Is Subset --- {Proof Wiki}},
          YEAR = {2024},
           URL = {https://proofwiki.org/wiki/Intersection_with_Subset_is_Subset},
}
@misc{proof-wiki:set-intersection-distributes-over-union,
        AUTHOR = {{Proof Wiki Contributors}},
         TITLE = {Set Intersection Distributes Over Union --- {Proof Wiki}},
          YEAR = {2024},
           URL = {https://proofwiki.org/wiki/Intersection_Distributes_over_Union},
}
@misc{proof-wiki:set-intersection-is-idempotent,
        AUTHOR = {{Proof Wiki Contributors}},
         TITLE = {Set Intersection Is Idempotent --- {Proof Wiki}},
          YEAR = {2024},
           URL = {https://proofwiki.org/wiki/Set_Intersection_is_Idempotent},
}
@misc{proof-wiki:intersection-with-empty-set,
        AUTHOR = {{Proof Wiki Contributors}},
         TITLE = {Intersection With Empty Set --- {Proof Wiki}},
          YEAR = {2024},
           URL = {https://proofwiki.org/wiki/Intersection_with_Empty_Set},
}
@misc{proof-wiki:intersection-is-commutative,
        AUTHOR = {{Proof Wiki Contributors}},
         TITLE = {Intersection Is Commutative --- {Proof Wiki}},
          YEAR = {2024},
           URL = {https://proofwiki.org/wiki/Intersection_is_Commutative},
}
@misc{proof-wiki:intersection-is-associative,
        AUTHOR = {{Proof Wiki Contributors}},
         TITLE = {Intersection Is Associative --- {Proof Wiki}},
          YEAR = {2024},
           URL = {https://proofwiki.org/wiki/Intersection_is_Associative},
}
@misc{proof-wiki:set-intersection-preserves-subsets,
        AUTHOR = {{Proof Wiki Contributors}},
         TITLE = {Set Intersection Preserves Subsets --- {Proof Wiki}},
          YEAR = {2024},
           URL = {https://proofwiki.org/wiki/Set_Intersection_Preserves_Subsets},
}
@misc{proof-wiki:union-distributes-over-intersection,
        AUTHOR = {{Proof Wiki Contributors}},
         TITLE = {Union Distributes Over Intersection --- {Proof Wiki}},
          YEAR = {2024},
           URL = {https://proofwiki.org/wiki/Union_Distributes_over_Intersection},
}
@misc{proof-wiki:set-union-is-idempotent,
        AUTHOR = {{Proof Wiki Contributors}},
         TITLE = {Set Union Is Idempotent --- {Proof Wiki}},
          YEAR = {2024},
           URL = {https://proofwiki.org/wiki/Set_Union_is_Idempotent},
}
@misc{proof-wiki:union-as-symmetric-difference-with-intersection,
        AUTHOR = {{Proof Wiki Contributors}},
         TITLE = {Union as Symmetric Difference With Intersection --- {Proof Wiki}},
          YEAR = {2024},
           URL = {https://proofwiki.org/wiki/Union_as_Symmetric_Difference_with_Intersection},
}
@misc{proof-wiki:set-union-preserves-subsets,
        AUTHOR = {{Proof Wiki Contributors}},
         TITLE = {Set Union Preserves Subsets --- {Proof Wiki}},
          YEAR = {2024},
           URL = {https://proofwiki.org/wiki/Set_Union_Preserves_Subsets},
}
@misc{proof-wiki:union-with-empty-set,
        AUTHOR = {{Proof Wiki Contributors}},
         TITLE = {Union With Empty Set --- {Proof Wiki}},
          YEAR = {2024},
           URL = {https://proofwiki.org/wiki/Union_with_Empty_Set},
}
@misc{proof-wiki:union-is-associative,
        AUTHOR = {{Proof Wiki Contributors}},
         TITLE = {Union Is Associative --- {Proof Wiki}},
          YEAR = {2024},
           URL = {https://proofwiki.org/wiki/Union_is_Associative},
}
@misc{proof-wiki:union-is-commutative,
        AUTHOR = {{Proof Wiki Contributors}},
         TITLE = {Union Is Commutative --- {Proof Wiki}},
          YEAR = {2024},
           URL = {https://proofwiki.org/wiki/Union_is_Commutative},
}
@misc{proof-wiki:fundamental-theorem-on-equivalence-relations,
        AUTHOR = {{Proof Wiki Contributors}},
         TITLE = {Fundamental Theorem on Equivalence Relations --- {Proof Wiki}},
          YEAR = {2024},
           URL = {https://proofwiki.org/wiki/Fundamental_Theorem_on_Equivalence_Relations},
}
@misc{proof-wiki:quotient-map-is-coequaliser,
        AUTHOR = {{Proof Wiki Contributors}},
         TITLE = {Quotient Mapping Is Coequalizer --- {Proof Wiki}},
          YEAR = {2024},
           URL = {https://proofwiki.org/wiki/Quotient_Mapping_is_Coequalizer},
}
@misc{proof-wiki:cartesian-product-of-intersections,
        AUTHOR = {{Proof Wiki Contributors}},
         TITLE = {Cartesian Product of Intersections --- {Proof Wiki}},
          YEAR = {2024},
           URL = {https://proofwiki.org/wiki/Cartesian_Product_of_Intersections},
}
@misc{proof-wiki:cartesian-product-distributes-over-union,
        AUTHOR = {{Proof Wiki Contributors}},
         TITLE = {Cartesian Product Distributes Over Union --- {Proof Wiki}},
          YEAR = {2024},
           URL = {https://proofwiki.org/wiki/Cartesian_Product_Distributes_over_Union},
}
@misc{proof-wiki:cartesian-product-distributes-over-set-difference,
        AUTHOR = {{Proof Wiki Contributors}},
         TITLE = {Cartesian Product Distributes Over Set Difference --- {Proof Wiki}},
          YEAR = {2024},
           URL = {https://proofwiki.org/wiki/Cartesian_Product_Distributes_over_Set_Difference},
}
@misc{proof-wiki:cartesian-product-distributes-over-symmetric-difference,
        AUTHOR = {{Proof Wiki Contributors}},
         TITLE = {Cartesian Product Distributes Over Symmetric Difference --- {Proof Wiki}},
          YEAR = {2024},
           URL = {https://proofwiki.org/wiki/Cartesian_Product_Distributes_over_Symmetric_Difference},
}
@misc{proof-wiki:condition-for-mapping-from-quotient-set-to-be-well-defined,
        AUTHOR = {{Proof Wiki Contributors}},
         TITLE = {Condition For Mapping From Quotient Set To Be Well-Defined --- {Proof Wiki}},
          YEAR = {2024},
           URL = {https://proofwiki.org/wiki/Condition_for_Mapping_from_Quotient_Set_to_be_Well-Defined},
}
@misc{proof-wiki:condition-for-mapping-from-quotient-set-to-be-an-injection,
        AUTHOR = {{Proof Wiki Contributors}},
         TITLE = {Condition For Mapping From Quotient Set To Be An Injection--- {Proof Wiki}},
          YEAR = {2024},
           URL = {https://proofwiki.org/wiki/Condition_for_Mapping_from_Quotient_Set_to_be_Injection},
}
@misc{proof-wiki:condition-for-mapping-from-quotient-set-to-be-a-surjection,
        AUTHOR = {{Proof Wiki Contributors}},
         TITLE = {Condition For Mapping from Quotient Set To Be A Surjection --- {Proof Wiki}},
          YEAR = {2024},
           URL = {https://proofwiki.org/wiki/Condition_for_Mapping_from_Quotient_Set_to_be_Surjection},
}
@misc{proof-wiki:mapping-from-quotient-set-when-defined-is-unique,
        AUTHOR = {{Proof Wiki Contributors}},
         TITLE = {Mapping From Quotient Set When Defined Is Unique --- {Proof Wiki}},
          YEAR = {2024},
           URL = {https://proofwiki.org/wiki/Mapping_from_Quotient_Set_when_Defined_is_Unique},
}
@misc{proof-wiki:symmetric-difference-with-intersection-forms-ring,
        AUTHOR = {{Proof Wiki Contributors}},
         TITLE = {Symmetric Difference With Intersection Forms Ring --- Proof Wiki},
          YEAR = {2024},
           URL = {https://proofwiki.org/wiki/Symmetric_Difference_with_Intersection_forms_Ring},
}
@misc{proof-wiki:symmetric-difference-with-union-does-not-form-ring,
        AUTHOR = {{Proof Wiki Contributors}},
         TITLE = {Symmetric Difference With Union Does Not Form Ring --- Proof Wiki},
          YEAR = {2024},
           URL = {https://proofwiki.org/wiki/Symmetric_Difference_with_Union_does_not_form_Ring},
}
%%%%%%%%%%%%%%%%%%%%%% R %%%%%%%%%%%%%%%%%%%%%%
@book{riehl:context,
	AUTHOR = {Riehl, Emily},
     TITLE = {Category Theory in Context},
      YEAR = {2017},
       URL = {http://www.math.jhu.edu/~eriehl/context.pdf},
	  ISBN = {978-0486809038},
     PAGES = {xviii+240},
 PUBLISHER = {Courier Dover Publications},
    SERIES = {Aurora: Dover Modern Math Originals},
    VOLUME = {10},
}
%%%%%%%%%%%%%%%%%%%%%% S %%%%%%%%%%%%%%%%%%%%%%
@book {schaefer-wolff-topological-vector-spaces,
    AUTHOR = {Schaefer, H. H. and Wolff, M. P.},
     TITLE = {Topological Vector Spaces},
    SERIES = {Graduate Texts in Mathematics},
    VOLUME = {3},
   EDITION = {Second},
 PUBLISHER = {Springer-Verlag, New York},
      YEAR = {1999},
     PAGES = {xii+346},
      ISBN = {0-387-98726-6},
   MRCLASS = {46-01 (47-01)},
  MRNUMBER = {1741419},
       DOI = {10.1007/978-1-4612-1468-7},
       URL = {https://doi.org/10.1007/978-1-4612-1468-7},
}
@article {the-free-adjunction,
    AUTHOR = {Schanuel, Stephen and Street, Ross},
     TITLE = {The Free Adjunction},
   JOURNAL = {Cahiers Topologie G\'{e}om. Diff\'{e}rentielle Cat\'{e}g.},
  FJOURNAL = {Cahiers de Topologie et G\'{e}om\'{e}trie Diff\'{e}rentielle Cat\'{e}goriques},
    VOLUME = {27},
      YEAR = {1986},
    NUMBER = {1},
     PAGES = {81--83},
      ISSN = {0008-0004},
   MRCLASS = {18D05 (18A40)},
  MRNUMBER = {845410},
}
@book {steinberg-representation-theory-of-finite-groups,
    AUTHOR = {Steinberg, Benjamin},
     TITLE = {Representation Theory of Finite Groups},
    SERIES = {Universitext},
      NOTE = {An introductory approach},
 PUBLISHER = {Springer, New York},
      YEAR = {2012},
     PAGES = {xiv+157},
      ISBN = {978-1-4614-0775-1},
   MRCLASS = {20C15 (20-01)},
  MRNUMBER = {2867444},
MRREVIEWER = {Jamshid\ Moori},
       DOI = {10.1007/978-1-4614-0776-8},
       URL = {https://doi.org/10.1007/978-1-4614-0776-8},
}
%%%%%%%%%%%%%%%%%%%%%% V %%%%%%%%%%%%%%%%%%%%%%
@book {infinite-dimensional-topology-van-mill,
    AUTHOR = {van Mill, J.},
     TITLE = {Infinite-Dimensional Topology},
    SERIES = {North-Holland Mathematical Library},
    VOLUME = {43},
      NOTE = {Prerequisites and Introduction},
 PUBLISHER = {North-Holland Publishing Co., Amsterdam},
      YEAR = {1989},
     PAGES = {xii+401},
      ISBN = {0-444-87133-0},
   MRCLASS = {57N20 (54C55)},
  MRNUMBER = {977744},
MRREVIEWER = {John J.\ Walsh},
}
@MISC {homogeneity-of-the-hilbert-cube-notes-taken-by-albert-verbeek-from-lectures-by-j-de-groot,
    TITLE = {Homogeneity of the Hilbert Cube: Notes Taken by A.\ Verbeek From Lectures by J.\ de Groot},
    AUTHOR = {Verbeek, Albert},
    YEAR = {1969},
    URL = {https://web.archive.org/web/20210507040848/https://www.narcis.nl/publication/RecordID/oai:cwi.nl:7603}
}
%%%%%%%%%%%%%%%%%%%%%% W %%%%%%%%%%%%%%%%%%%%%%
@article {weiss:the-reals-as-rational-cauchy-filters,
    AUTHOR = {Weiss, Ittay},
     TITLE = {The Reals as Rational {C}auchy Filters},
   JOURNAL = {New Zealand J. Math.},
  FJOURNAL = {New Zealand Journal of Mathematics},
    VOLUME = {46},
      YEAR = {2016},
     PAGES = {21--51},
      ISSN = {1171-6096,1179-4984},
   MRCLASS = {01A55 (01A60 97F50)},
  MRNUMBER = {3528634},
MRREVIEWER = {\'Ad\'am\ Besenyei},
}
@misc{wikipedia:representation-theory-of-finite-groups,
        AUTHOR = {{Wikipedia Contributors}},
         TITLE = {Representation Theory of Finite Groups --- {Wikipedia}{,} The Free Encyclopedia},
          YEAR = {2024},
           URL = {https://en.wikipedia.org/wiki/Representation_theory_of_finite_groups},
}
@misc{wikipedia:james-s-space,
        AUTHOR = {{Wikipedia Contributors}},
         TITLE = {James's Space --- {Wikipedia}{,} The Free Encyclopedia},
          YEAR = {2024},
           URL = {https://en.wikipedia.org/wiki/James'_space},
}
@misc{wikipedia:symmetric-difference,
        AUTHOR = {{Wikipedia Contributors}},
         TITLE = {Symmetric Difference --- {Wikipedia}{,} The Free Encyclopedia},
          YEAR = {2024},
           URL = {https://en.wikipedia.org/wiki/Symmetric_difference},
}
@misc{wikipedia:multivalued-function,
        AUTHOR = {{Wikipedia Contributors}},
         TITLE = {Multivalued Function --- {Wikipedia}{,} The Free Encyclopedia},
          YEAR = {2024},
           URL = {https://en.wikipedia.org/wiki/Multivalued_function},
}
